@@UNPUBLISHED{ realisierungsbericht,
  author = "Lukas Knoepfel Kaleb Tschabold Niklaus Hofer",
  title = "Realisierungsbericht",
  note = "Teil der Abgabedokumente",
  year = "2011"
}
