@UNPUBLISHED{ realisierung,
  author = "Lukas Knoepfel Kaleb Tschabold Niklaus Hofer",
  title = "Realisierungsbericht",
  note = "Teil der Abgabedokumente",
  year = "2011"
}
@UNPUBLISHED{ konzept,
  author = "Lukas Knoepfel Kaleb Tschabold Niklaus Hofer",
  title = "Konzeptbericht",
  note = "Teil der Abgabedokumente",
  year = "2011"
}
