@UNPUBLISHED{voranalyse,
  author = "Lukas Knoepfel Kaleb Tschabold Niklaus Hofer",
  title = "Konzeptbericht",
  note = "Teil der Abgabedokumente",
  year = "2011"
}

@MISC{ pyinotify,
  author = "seb-m",
  title = "seb-m/pyinotify",
  year = "2011",
  howpublished = {\url{https://github.com/seb-m/pyinotify}}
}

@MISC{ inotify,
  author = "Wikimedia Foundation",
  title = "inotify",
  year = "2011",
  howpublished = {\url{http://en.wikipedia.org/w/index.php?title=Inotify\&oldid=404718721}}
}
