@MISC{ activity_journal,
      AUTHOR = "Gnome foundation",
      TITLE = "GNOME Activity Journal",
      YEAR = 2011,
      HOWPUBLISHED = "\url{http://live.gnome.org/action/show/GnomeActivityJournal?action=show&redirect=GnomeZeitgeist}"
}

@MISC{ timemachine,
  author	= {Apple Inc.},
  title		= {Time Machine},
  year		= {2011},
  howpublished	= {\url{http://www.apple.com/macosx/what-is-macosx/time-machine.html}}
}

@MISC{ google_desktop,
  author	= {Google Inc.},
  title		= {Google Desktop},
  year		= {2011},
  howpublished	= {\url{http://desktop.google.com/linux/}}
}

@MISC{ gnome3,
  authro	= {Vincent Untz},
  title		= {New module decisions for 3.0},
  year		= {2010},
  month		= {Jun},
  howpublished	= {\url{http://permalink.gmane.org/gmane.comp.gnome.devel.announce/101}}
}
@MISC{ pyjava,
  author = "orelly",
  title = "Compiling Python into Java",
  year = "2011",
  howpublished = {\url{http://docstore.mik.ua/orelly/other/python/0596001886_pythonian-chp-25-sect-3.html}}
}
@MISC{ json,
  author = "json.org",
  title = "XML Definition",
  year = "2011",
  howpublished = {\url{http://www.json.org/xml.html}}
}

@MISC{ sqlite,
  author = "Wikimedia Foundation",
  title = "SQLite Features",
  year = "2011",
  howpublished = {\url{http://en.wikipedia.org/w/index.php?title=SQLite&oldid=415319458#Features}}
}

@UNPUBLISHED{ projektplan,
  author = "Lukas Knoepfel Kaleb Tschabold Niklaus Hofer",
  title	= "Projektplan",
  note = "Teil der Abgabedokumente",
  year	= "2011"
}

@MISC{ terminliste,
  author = "Markus Studer Martin Frieden",
  title = "Aufgaben- und Terminliste",
  year = "2008",
  month = "Dec",
  howpublished = {\url{http://www2.gibb.ch/iet/module/dokumente/modul306/01_organisation/306_01_Terminliste.doc}}
}
